<record><leader>00000cas a2200000 a 4500</leader><controlfield tag="001">16769997</controlfield><controlfield tag="008">870928d19261973iludn ne      0   a0eng  </controlfield><datafield ind1=" " ind2=" " tag="010"><subfield code="a">sn 87062367 </subfield></datafield><datafield ind1=" " ind2=" " tag="040"><subfield code="a">DLC</subfield><subfield code="b">eng</subfield><subfield code="c">DLC</subfield><subfield code="d">NVF</subfield><subfield code="d">CVF</subfield><subfield code="d">NVF</subfield><subfield code="d">OCLCO</subfield><subfield code="d">OCLCF</subfield><subfield code="d">NVF</subfield></datafield><datafield ind1=" " ind2=" " tag="042"><subfield code="a">pcc</subfield></datafield><datafield ind1=" " ind2=" " tag="043"><subfield code="a">n-us-il</subfield></datafield><datafield ind1="0" ind2="0" tag="050"><subfield code="a">Newspaper</subfield></datafield><datafield ind1="0" ind2=" " tag="130"><subfield code="a">Arlington Heights herald (Arlington Heights, Ill.)</subfield></datafield><datafield ind1="1" ind2="0" tag="245"><subfield code="a">Arlington Heights herald.</subfield></datafield><datafield ind1="1" ind2=" " tag="246"><subfield code="i">Published as:</subfield><subfield code="a">Arlington Heights herald the Arlington day</subfield><subfield code="f">June 22-July 3, 1970</subfield></datafield><datafield ind1="1" ind2=" " tag="246"><subfield code="i">Published as:</subfield><subfield code="a">Arlington Heights herald and the Arlington day</subfield><subfield code="f">July 6-Oct. 30 1970</subfield></datafield><datafield ind1=" " ind2=" " tag="260"><subfield code="a">Arlington Heights, Ill. :</subfield><subfield code="b">H.C. Paddock &amp; Sons,</subfield><subfield code="c">1926-1973.</subfield></datafield><datafield ind1=" " ind2=" " tag="300"><subfield code="a">v.</subfield></datafield><datafield ind1=" " ind2=" " tag="310"><subfield code="a">Daily (except Saturday and Sunday),</subfield><subfield code="b">Mar. 17, 1969-Mar. 30, 1973</subfield></datafield><datafield ind1=" " ind2=" " tag="321"><subfield code="a">Weekly,</subfield><subfield code="b">Oct. 22, 1926-Feb. 24, 1967</subfield></datafield><datafield ind1=" " ind2=" " tag="321"><subfield code="a">Triweekly,</subfield><subfield code="b">Mar. 1, 1967-Mar. 14, 1969</subfield></datafield><datafield ind1="0" ind2=" " tag="362"><subfield code="a">Vol 1, no. 1 (Oct. 22, 1926)-46th year, [no.] 177 (Mar. 30, 1973).</subfield></datafield><datafield ind1=" " ind2="0" tag="651"><subfield code="a">Arlington Heights (Ill.)</subfield><subfield code="v">Newspapers.</subfield></datafield><datafield ind1=" " ind2="7" tag="651"><subfield code="a">Illinois</subfield><subfield code="z">Arlington Heights.</subfield><subfield code="2">fast</subfield><subfield code="0">(OCoLC)fst01205594</subfield></datafield><datafield ind1=" " ind2="7" tag="655"><subfield code="a">Newspapers.</subfield><subfield code="2">fast</subfield><subfield code="0">(OCoLC)fst01423814</subfield></datafield><datafield ind1=" " ind2=" " tag="752"><subfield code="a">United States</subfield><subfield code="b">Illinois</subfield><subfield code="c">Cook</subfield><subfield code="d">Arlington Heights.</subfield></datafield><datafield ind1="0" ind2="5" tag="780"><subfield code="t">Arlington day</subfield><subfield code="w">(DLC)sn2003060801</subfield><subfield code="w">(OCoLC)13789896</subfield></datafield><datafield ind1="0" ind2="0" tag="785"><subfield code="t">Herald (Arlington Heights, Ill. : Arlington Heights ed.)</subfield><subfield code="w">(DLC)sn 94054529</subfield><subfield code="w">(OCoLC)30840041</subfield></datafield><datafield ind1="1" ind2=" " tag="029"><subfield code="a">AU@</subfield><subfield code="b">000020473177</subfield></datafield></record>